
@article{bump1989nonvanishing,
    title = {A nonvanishing theorem for derivatives of automorphic $L$-functions with applications to elliptic curves},
   author = {Bump, Daniel and Friedberg, Solomon and Hoffstein, Jeffrey},
  journal = {Bulletin of the American Mathematical Society},
   volume = {21},
   number = {1},
    pages = {89--93},
     year = {1989}
}

@article{bump1990eisenstein,
      title = {Eisenstein series on the metaplectic group and nonvanishing theorems for automorphic $L$-functions and their derivatives},
     author = {Bump, Daniel and Friedberg, Solomon and Hoffstein, Jeffrey},
    journal = {Annals of Mathematics},
     volume = {131},
     number = {1},
      pages = {53--127},
       year = {1990},
  publisher = {JSTOR}
}

@article{bump1990nonvanishing,
      title = {Nonvanishing theorems for $L$-functions of modular forms and their derivatives},
     author = {Bump, Daniel and Friedberg, Solomon and Hoffstein, Jeffrey},
    journal = {Inventiones mathematicae},
     volume = {102},
     number = {1},
      pages = {543--618},
       year = {1990},
  publisher = {Springer}
}

@article{bump1996some,
    title = {On some applications of automorphic forms to number theory},
   author = {Bump, Daniel and Friedberg, Solomon and Hoffstein, Jeffrey},
  journal = {Bulletin of the American Mathematical Society},
   volume = {33},
   number = {2},
    pages = {157--175},
     year = {1996}
}

% The best resource for the correction polynomials
@article{bump2004sums,
    title = {Sums of twisted $\text{GL}(3)$ automorphic $L$-functions},
   author = {Bump, Daniel and Friedberg, Solomon and Hoffstein, Jeffrey},
  journal = {Contributions to automorphic forms, geometry, and number theory, Johns Hopkins Univ. Press, Baltimore, MD},
    pages = {131--162},
     year = {2004}
}

@article{burgess1963character,
      title = {On character sums and $L$-series. II},
     author = {Burgess, D.A.},
    journal = {Proceedings of the London Mathematical Society},
     volume = {3},
     number = {1},
      pages = {524--536},
       year = {1963},
  publisher = {Oxford University Press}
}

@article{conrey2005integral,
      title = {Integral moments of $L$-functions},
     author = {Conrey, J Brian and Farmer, David W and Keating, Jon P and Rubinstein, Michael O and Snaith, Nina C},
    journal = {Proceedings of the London Mathematical Society},
     volume = {91},
     number = {01},
      pages = {33--104},
       year = {2005},
  publisher = {Cambridge Univ Press}
}

@article{diaconu2003multiple,
      title = {Multiple Dirichlet series and moments of zeta and $L$-functions},
     author = {Diaconu, Adrian and Goldfeld, Dorian and Hoffstein, Jeffrey},
    journal = {Compositio Mathematica},
     volume = {139},
     number = {3},
      pages = {297--360},
       year = {2003},
  publisher = {Springer}
}

@article{friedberg1995nonvanishing,
      title = {Nonvanishing theorems for automorphic $L$-functions on $\text{GL}(2)$},
     author = {Friedberg, Solomon and Hoffstein, Jeffrey},
    journal = {Annals of Mathematics},
     volume = {142},
     number = {2},
      pages = {385--423},
       year = {1995},
  publisher = {JSTOR}
}

% The first modern article to study MDS as MDS
@article{goldfeld1985eisenstein,
      title = {Eisenstein series of 1/2-integral weight and the mean value of real {D}irichlet $L$-series},
     author = {Goldfeld, Dorian and Hoffstein, Jeffrey},
    journal = {Inventiones Mathematicae},
     volume = {80},
     number = {2},
      pages = {185--208},
       year = {1985},
  publisher = {Springer}
}

@article{heath1978hybrid,
      title = {Hybrid bounds for {D}irichlet $L$-functions},
     author = {Heath-Brown, David Rodney},
    journal = {Inventiones Mathematicae},
     volume = {47},
     number = {2},
      pages = {149--170},
       year = {1978},
  publisher = {Springer}
}

@article{jutila1981mean,
    title = {On the Mean Value of $L(1/2, \chi)$ for Real Characters},
   author = {Jutila, Matti},
  journal = {Analysis},
   volume = {1},
   number = {2},
    pages = {149--161},
     year = {1981}
}

@inproceedings{novodvorsky1979automorphic,
      title = {Automorphic $L$-functions for the symplectic group $\text{GSp}(4)$},
     author = {Novodvorsky, Mark E},
  booktitle = {Proc. Sympos. Pure Math},
     volume = {33},
     number = {part 2},
      pages = {87--95},
       year = {1979}
}

% The first article to introduce a MDS
@article{siegel1955funktionalgleichungen,
      title = {Die Funktionalgleichungen einiger {D}irichletscher Reihen},
     author = {Siegel, Carl Ludwig},
    journal = {Mathematische Zeitschrift},
     volume = {63},
     number = {1},
      pages = {363--373},
       year = {1955},
  publisher = {Springer}
}

@book{IwaniecKowalski04,
     author = {H. Iwaniec and E. Kowalski},
       year = {2004},
      title = {Analytic Number Theory},
     series = {Amer. Math. Soc. Colloq. Publ.},
     volume = {53},
  publisher = {Amer. Math. Soc.},
    address = {Providence, RI}
}

@article {Barnes,
    AUTHOR = {Barnes, E. W.},
     TITLE = {A New Development of the Theory of the Hypergeometric Functions},
   JOURNAL = {Proc. London Math. Soc.},
  FJOURNAL = {Proceedings of the London Mathematical Society},
    VOLUME = {S2-6},
    NUMBER = {1},
     PAGES = {141},
      ISSN = {0024-6115},
   MRCLASS = {Contributed Item},
  MRNUMBER = {1575118},
       DOI = {10.1112/plms/s2-6.1.141},
       URL = {http://dx.doi.org/10.1112/plms/s2-6.1.141},
       YEAR={1908},
}

@article{watson2008rankin,
    title={Rankin triple products and quantum chaos},
      author={Watson, Thomas C},
        journal={arXiv preprint arXiv:0810.0425},
          year={2008}
}

@incollection {Se,
    AUTHOR = {Selberg, Atle},
     TITLE = {On the estimation of {F}ourier coefficients of modular forms},
 BOOKTITLE = {Proc. {S}ympos. {P}ure {M}ath., {V}ol. {VIII}},
     PAGES = {1--15},
 PUBLISHER = {Amer. Math. Soc., Providence, R.I.},
      YEAR = {1965},
   MRCLASS = {10.20},
  MRNUMBER = {0182610 (32 \#93)},
MRREVIEWER = {J. R. Smart},
}

@article {KS,
    AUTHOR = {Kim, Henry H.},
     TITLE = {Functoriality for the exterior square of {${\rm GL}_4$} and
              the symmetric fourth of {${\rm GL}_2$}},
      NOTE = {With appendix 1 by Dinakar Ramakrishnan and appendix 2 by Kim
              and Peter Sarnak},
   JOURNAL = {J. Amer. Math. Soc.},
  FJOURNAL = {Journal of the American Mathematical Society},
    VOLUME = {16},
      YEAR = {2003},
    NUMBER = {1},
     PAGES = {139--183},
      ISSN = {0894-0347},
   MRCLASS = {11F70 (11R39 22E46)},
  MRNUMBER = {1937203 (2003k:11083)},
MRREVIEWER = {Mahdi Asgari},
       DOI = {10.1090/S0894-0347-02-00410-1},
       URL = {http://dx.doi.org/10.1090/S0894-0347-02-00410-1},
}

@article{Robbins10,
   author = {N. Robbins},
     year = {2010},
    title = {A Simply-Obtained Upper Bound for Overpartitions},
  journal = {Annales Univ. Sci. Budapest},
   volume = {32},
    pages = {91-94}
}

@article {Deligne,
    AUTHOR = {Deligne, Pierre},
     TITLE = {La conjecture de {W}eil. {I}},
   JOURNAL = {Inst. Hautes \'Etudes Sci. Publ. Math.},
  FJOURNAL = {Institut des Hautes \'Etudes Scientifiques. Publications
              Math\'ematiques},
    NUMBER = {43},
      YEAR = {1974},
     PAGES = {273--307},
      ISSN = {0073-8301},
   MRCLASS = {14G13},
  MRNUMBER = {0340258 (49 \#5013)},
MRREVIEWER = {Nicholas M. Katz},
}

@PHDthesis{Bradshaw10,
   title = {Provable Computation of Motivic $L$-functions},
  author = {R. W. Bradshaw},
  school = {University of Washington},
    year = {2010},
}

@article{KohnenZagier81,
      title = {Values of {$L$}-series of Modular Forms at the Center of the Critical Strip},
     author = {W. Kohnen and D. Zagier},
       year = {1981},
    journal = {Inventiones Mathematicae},
     volume = {64},
      pages = {175-198},
  publisher = {Springer-Verlag}
}

@article{Waldspurger81,
    title = {Sur les coefficients de {F}ourier des formes modulaires de poids demi-entier},
   author = {J. Waldspurger},
     year = {1981},
  journal = {Journal de Math\'{e}matiques Pures et Appliqu\'{e}es},
   volume = {\textbf{60}(4)},
    pages = {375-484}
}

@book{Bump98,
     author = {D. Bump},
       year = {1998},
      title = {Automorphic Forms and Representations},
     series = {Cambridge Studies in Advanced Mathematics},
     volume = {55},
  publisher = {Cambridge University Press}
}

@book{Nielsen06,
     author = {N. Nielsen},
       year = {1906},
      title = {Handbuch der Theorie der Gammafunktion},
  publisher = {Teubner}
}

@article{Shimura73,
   author = {G. Shimura},
     year = {1973},
    title = {On modular forms of half integral weight},
  journal = {Annals of Mathematics},
   volume = {\textbf{97}(3)},
    pages = {440-481}
}

@article{Deligne71,
   author = {P. Deligne},
     year = {1971},
    title = {Formes modulaires et repr\'{e}sentations $l$-adiques},
  journal = {S\'{e}minaire N. Bourbaki},
   volume = {\textbf{355}},
    pages = {139-172}
}

@book{Iwaniec97,
     author = {H. Iwaniec},
       year = {1997},
      title = {Topics in Classical Automorphic Forms},
     series = {Graduate Studies in Mathematics},
     volume = {\textbf{17}},
  publisher = {Amer. Math. Soc.}
}

@article{Selberg65,
     author = {A. Selberg},
       year = {1965},
      title = {On the Estimation of {F}ourier Coefficients of modular forms},
    journal = {Proc. Symp. Pure Math.},
     volume = {\textbf{8}},
  publisher = {Amer. Math. Soc.},
      pages = {1-15}
}

@article{HoffsteinHulse13,
  author = {J. Hoffstein and  T. Hulse and A. Reznikov},
    year = {2013},
   title = {Multiple {D}irichlet Series and Shifted Convolutions}
}

@book{Apostol76,
     author = {T. Apostol},
       year = {1976},
      title = {Introduction to Analytic Number Theory},
     series = {Undergraduate Texts in Mathematics},
  publisher = {Springer}
}

@article{Bykovskii98,
     author = {V. Bykovskii},
       year = {1998},
      title = {A trace formula for the scalar product of {H}ecke series and its applications},
    journal = {Journal of Math. Sciences},
     volume = {\textbf{89}(1)},
      pages = {915-932},
  publisher = {Springer}
}

@article{MeherMurty14,
     author = {J. Meher and M. Murty},
       year = {2014},
      title = {Sign changes of {F}ourier coefficients of half-integral weight cusp forms},
    journal = {Intl. Jour. Number Theory},
     volume = {\textbf{10}(4)},
      pages = {905-914},
  publisher = {World Scientific Publishing Company}
}

@book{GradshteynRyzhik07,
     editor = {A. Jeffrey and D. Zwillinger},
       year = {2007},
      title = {Gradshteyn and Ryzhik's Table of Integrals, Series, and Products},
    edition = {7},
  publisher = {Springer}
}

@article{Heilbronn34,
   author = {H. Heilbronn},
     year = {1934},
    title = {On the class number in imaginary quadratic fields},
  journal = {Quart. J. Math. Oxford Ser. 2},
   volume = {\textbf{5}},
    pages = {150-160}
}

@book{Gauss01,
  author = {C. Gauss},
    year = {1801},
   title = {Disquisitiones Arithmeticae}
}

@article{Heegner52,
   author = {K. Heegner},
     year = {1952},
    title = {Diophantische Analysis und Modulfunktionen},
  journal = {Math. Z.},
   volume = {\textbf{56}},
    pages = {227-253}
}

@article{Stark67,
   author = {H. Stark},
     year = {1967},
    title = {A complete determination of the complex quadratic fields of class-number one},
  journal = {Michigan Math. J.},
   volume = {\textbf{14}},
    pages = {1-27}
}

@article{Baker71,
   author = {A. Baker},
     year = {1971},
    title = {Imaginary quadratic fields with class number two},
  journal = {Ann. of Math.},
   volume = {\textbf{94}(2)},
    pages = {139-152}
}

@article{Goldfeld76,
   author = {D. Goldfeld},
     year = {1976},
    title = {The class number of quadratic fields and the conjectures of {B}irch and {S}winnerton-{D}yer},
  journal = {Ann. Scuola Norm. Sup. Pisa},
   volume = {\textbf{2}(4)},
    pages = {623-663}
}

@article{GrossZagier83,
   author = {B. Gross and D. Zagier},
     year = {1983},
    title = {Points de {H}eegner et deriv\'{e}es de functions {$L$}},
  journal = {C. R. Acad. Sci.},
   volume = {\textbf{297}},
    pages = {85-87}
}

@article{Watkins04,
   author = {M. Watkins},
     year = {2004},
    title = {Class numbers of imaginary quadratic fields},
  journal = {Mathematics of Computation},
   volume = {\textbf{73}},
    pages = {907-938}
}

@article{CohenLenstra84,
   author = {H. Cohen and H. Lenstra},
     year = {1984},
    title = {Heuristics on class groups of number fields},
  journal = {Number Theory},
   volume ={\textbf{1068}},
    pages = {33-62}
}

@article{Goldfeld85,
   author = {D. Goldfeld},
     year = {1985},
    title = {Gauss' Class Number Problem for Imaginary Quadratic Fields},
  journal = {Bull. Amer. Math. Soc.},
   volume = {\textbf{13}(1)},
    pages = {23-37}
}

@article{KimSarnak03,
   author = {H. Kim and P. Sarnak},
     year = {2003},
    title = {Refined estimates towards the {R}amanujan and {S}elberg conjectures},
  journal = {J. Amer. Math. Soc.},
   volume = {\textbf{16}},
    pages = {175-181}
}

@article{HafnerIvic89,
   author = {J. Hafner and A. Ivi\'{c}},
     year = {1989},
    title = {On Sums of {F}ourier Coefficients of Cusp Forms},
  journal = {L'Enseignement Math\'{e}matique},
   volume = {\textbf{35}},
    pages = {375-382}
}

@article{GelbartLapid06,
   author = {S. Gelbart and E. Lapid},
     year = {2006},
    title = {Lower Bounds for {$L$}-functions at the Edge of the Critical Strip},
  journal = {American Journal of Mathematics},
   volume = {\textbf{128}(3)},
    pages = {619-638}
}

@article{KrattenthalerRivoal06,
   author = {C. Krattenthaler and T. Rivoal},
     year = {2006},
    title = {How can we escape {T}homae's relations?},
  journal = {J. Math. Soc. Japan},
   volume = {\textbf{58}(1)},
    pages = {183-210}
}

@book{Goldfeld2006automorphic,
      title = {Automorphic forms and {L}-functions for the group GL (n, R)},
     author = {Goldfeld, Dorian},
     volume = {13},
       year = {2006},
  publisher = {Cambridge University Press}
}

@article{bruinier2007sign,
    title = {Sign changes of coefficients of half integral weight modular forms},
   author = {Bruinier, Jan Hendrik and Kohnen, Winfried},
  journal = {arXiv preprint arXiv:0709.2001},
     year = {2007}
}

@article{hulse2012sign,
      title = {The sign of {F}ourier coefficients of half-integral weight cusp forms},
     author = {Hulse, Thomas A and Kiral, E Mehmet and Kuan, Chan Ieong and Lim, Li-Mei},
    journal = {International Journal of Number Theory},
     volume = {8},
     number = {03},
      pages = {749--762},
       year = {2012},
  publisher = {World Scientific}
}

@book{andrews2000special,
      title = {Special functions},
     author = {Andrews, George E and Askey, Richard and Roy, Ranjan},
       year = {2000},
  publisher = {Cambridge University Press}
}

@article{chandrasekharan1962functional,
      title = {Functional equations with multiple gamma factors and the average order of arithmetical functions},
     author = {Chandrasekharan, K and Narasimhan, Raghavan},
    journal = {Annals of Mathematics},
      pages = {93--136},
       year = {1962},
  publisher = {JSTOR}
}

@article{chandrasekharan1964mean,
      title = {On the mean value of the error term for a class of arithmetical functions},
     author = {Chandrasekharan, K and Narasimhan, Raghavan},
    journal = {Acta Mathematica},
     volume = {112},
     number = {1},
      pages = {41--67},
       year = {1964},
  publisher = {Springer}
}

@book{iwaniec2002spectral,
      title = {Spectral methods of automorphic forms},
     author = {Iwaniec, Henryk},
     volume = {53},
       year = {2002},
  publisher = {American Mathematical Society Providence}
}

@article{watson2008rankin,
    title = {Rankin triple products and quantum chaos},
   author = {Watson, Thomas C},
  journal = {arXiv preprint arXiv:0810.0425},
     year = {2008}
}

@article{hkldw,
    AUTHOR = {Hulse, Thomas A. and Kuan, Chan Ieong and Lowry-Duda, David
              and Walker, Alexander},
     TITLE = {The second moment of sums of coefficients of cusp forms},
   JOURNAL = {J. Number Theory},
  FJOURNAL = {Journal of Number Theory},
    VOLUME = {173},
      YEAR = {2017},
     PAGES = {304--331},
      ISSN = {0022-314X},
   MRCLASS = {11F30 (11F03)},
  MRNUMBER = {3581921},
       DOI = {10.1016/j.jnt.2016.09.005},
       URL = {http://dx.doi.org/10.1016/j.jnt.2016.09.005},
}

@article {hkldwShort,
    AUTHOR = {Hulse, Thomas A. and Kuan, Chan Ieong and Lowry-Duda, David
              and Walker, Alexander},
     TITLE = {Short-interval averages of sums of {F}ourier coefficients of
              cusp forms},
   JOURNAL = {J. Number Theory},
  FJOURNAL = {Journal of Number Theory},
    VOLUME = {173},
      YEAR = {2017},
     PAGES = {394--415},
      ISSN = {0022-314X},
   MRCLASS = {11F30 (11F03)},
  MRNUMBER = {3581925},
       DOI = {10.1016/j.jnt.2016.09.004},
       URL = {http://dx.doi.org/10.1016/j.jnt.2016.09.004},
}

@article {hkldwSigns,
  AUTHOR = {Hulse, Thomas A. and Kuan, Chan Ieong and Lowry-Duda, David
            and Walker, Alexander},
   Title = {Sign Changes of Coefficients and Sums of Coefficients of {L}-Functions},
    Year = {2016},
 Journal = {arXiv preprint:1606.00067}
  Eprint = {arXiv:1606.00067}
}

@book{jutila1987lectures,
      title = {Lectures on a Method in the Theory of Exponential Sums},
     author = {Jutila, M.},
       isbn = {9788185015996},
     series = {Tata institute of fundamental research: Lectures on mathematics and physics},
       year = {1987},
  publisher = {Tata institute of fundamental research}
}

@article{rankin85,
       year = {1985},
       issn = {0025-5831},
    journal = {Mathematische Annalen},
     volume = {272},
     number = {4},
        doi = {10.1007/BF01455869},
      title = {Sums of powers of cusp form coefficients. II},
  publisher = {Springer-Verlag},
     author = {Rankin, R.A.},
      pages = {593-600},
   language = {English}
}

@article{rankin1990sums,
    title = {Sums of cusp form coefficients, Automorphic forms and analytic number theory (Montreal, PQ, 1989), 115--121, Univ},
   author = {Rankin, RA},
  journal = {Montr{\'e}al, Montreal, QC},
     year = {1990}
}

@article{wu2009power,
     title = {Power sums of {H}ecke eigenvalues and application},
    author = {Wu, J},
   journal = {Acta Arithmetica},
    volume = {137},
     pages = {333--344},
      year = {2009}
}

@article{mehmet2015,
       year = {2015},
       issn = {0025-5874},
    journal = {Mathematische Zeitschrift},
     volume = {281},
     number = {3-4},
        doi = {10.1007/s00209-015-1504-x},
      title = {Subconvexity for half integral weight {L}-functions},
        url = {http://dx.doi.org/10.1007/s00209-015-1504-x},
  publisher = {Springer Berlin Heidelberg},
   keywords = {L-functions; Half integer weight modular forms; Subconvexity; Shifted convolution sums; 11M41; 11F37; 11F72},
     author = {Kıral, Mehmet},
      pages = {689-722},
   language = {English}
}

@article{soundararajan2010weak,
      title = {Weak subconvexity for central values of {L}-functions},
     author = {Soundararajan, Kannan},
    journal = {Annals of mathematics},
     volume = {172},
     number = {2},
      pages = {1469--1498},
       year = {2010},
  publisher = {Princeton University Press}
}

@book{titchmarsh1986theory,
      title = {The theory of the {R}iemann zeta-function},
     author = {Titchmarsh, Edward Charles and Heath-Brown, David Rodney},
       year = {1986},
  publisher = {Oxford University Press}
}

@inproceedings{ernvall2015mean,
      title = {Mean square estimate for relatively short exponential sums involving fourier coefficients of cusp forms.},
     author = {Ernvall-Hyt{\"o}nen, Anne-Maria},
  booktitle = {Annales Academiae Scientiarum Fennicae. Mathematica},
     volume = {40},
     number = {1},
       year = {2015}
}

@book {titchmarshfourier,
    AUTHOR = {Titchmarsh, E. C.},
     TITLE = {Introduction to the theory of {F}ourier integrals},
   EDITION = {Third},
 PUBLISHER = {Chelsea Publishing Co., New York},
      YEAR = {1986},
     PAGES = {x+394},
      ISBN = {0-8284-0324-4},
   MRCLASS = {42-03 (01A75)},
  MRNUMBER = {942661}
}

@article {hulseCountingSquare,
    AUTHOR = {Hulse, Thomas A. and Kuan, Chan Ieong and K\i ral, Eren Mehmet
              and Lim, Li-Mei},
     TITLE = {Counting square discriminants},
   JOURNAL = {J. Number Theory},
  FJOURNAL = {Journal of Number Theory},
    VOLUME = {162},
      YEAR = {2016},
     PAGES = {255--274},
      ISSN = {0022-314X},
   MRCLASS = {11F27 (11E16)},
  MRNUMBER = {3448270},
MRREVIEWER = {Fan Gao},
       DOI = {10.1016/j.jnt.2015.10.015},
       URL = {http://dx.doi.org/10.1016/j.jnt.2015.10.015},
}

@article {Duke88,
    AUTHOR = {Duke, W.},
     TITLE = {Hyperbolic distribution problems and half-integral weight
              {M}aass forms},
   JOURNAL = {Invent. Math.},
  FJOURNAL = {Inventiones Mathematicae},
    VOLUME = {92},
      YEAR = {1988},
    NUMBER = {1},
     PAGES = {73--90},
      ISSN = {0020-9910},
   MRCLASS = {11F11 (11E32 11F30 11F37)},
  MRNUMBER = {931205},
MRREVIEWER = {Mark Sheingorn},
       DOI = {10.1007/BF01393993},
       URL = {http://dx.doi.org/10.1007/BF01393993},
}

@book{GoldfeldHundleyI,
    AUTHOR = {Goldfeld, Dorian and Hundley, Joseph},
     TITLE = {Automorphic representations and {$L$}-functions for the
              general linear group. {V}olume {I}},
    SERIES = {Cambridge Studies in Advanced Mathematics},
    VOLUME = {129},
      NOTE = {With exercises and a preface by Xander Faber},
 PUBLISHER = {Cambridge University Press, Cambridge},
      YEAR = {2011},
     PAGES = {xx+550},
      ISBN = {978-0-521-47423-8},
   MRCLASS = {11F70 (11F12 11F41 11F66 22E50 22E55)},
  MRNUMBER = {2807433},
MRREVIEWER = {Solomon Friedberg},
       DOI = {10.1017/CBO9780511973628},
       URL = {http://dx.doi.org/10.1017/CBO9780511973628},
}

@MISC {GHfromMO,
    TITLE = {No Exceptional Eigenvalues of Weight 1/2 Maass Forms on $\Gamma_0(4)$?},
    AUTHOR = {GH from MO (http://mathoverflow.net/users/11919/gh-from-mo)},
    HOWPUBLISHED = {MathOverflow},
    NOTE = {URL:http://mathoverflow.net/q/129391 (version: 2013-05-02)},
    EPRINT = {http://mathoverflow.net/q/129391},
    URL = {http://mathoverflow.net/q/129391}
}

@article {Baruch2010,
    AUTHOR = {Baruch, Ehud Moshe and Mao, Zhengyu},
     TITLE = {A generalized {K}ohnen-{Z}agier formula for {M}aass forms},
   JOURNAL = {J. Lond. Math. Soc. (2)},
  FJOURNAL = {Journal of the London Mathematical Society. Second Series},
    VOLUME = {82},
      YEAR = {2010},
    NUMBER = {1},
     PAGES = {1--16},
      ISSN = {0024-6107},
   MRCLASS = {11F37 (11F30 11F67)},
  MRNUMBER = {2669637},
MRREVIEWER = {Dominic A. Lanphier},
       DOI = {10.1112/jlms/jdq009},
       URL = {http://dx.doi.org/10.1112/jlms/jdq009},
}

@article {Blomer2013,
    AUTHOR = {Blomer, Valentin and Brumley, Farrell},
     TITLE = {The role of the {R}amanujan conjecture in analytic number
              theory},
   JOURNAL = {Bull. Amer. Math. Soc. (N.S.)},
  FJOURNAL = {American Mathematical Society. Bulletin. New Series},
    VOLUME = {50},
      YEAR = {2013},
    NUMBER = {2},
     PAGES = {267--320},
      ISSN = {0273-0979},
   MRCLASS = {11F70},
  MRNUMBER = {3020828},
MRREVIEWER = {Dubravka Ban},
       DOI = {10.1090/S0273-0979-2013-01404-6},
       URL = {http://dx.doi.org/10.1090/S0273-0979-2013-01404-6},
}

@article {ZagierRankinSelberg,
    AUTHOR = {Zagier, Don},
     TITLE = {The {R}ankin-{S}elberg method for automorphic functions which
              are not of rapid decay},
   JOURNAL = {J. Fac. Sci. Univ. Tokyo Sect. IA Math.},
  FJOURNAL = {Journal of the Faculty of Science. University of Tokyo.
              Section IA. Mathematics},
    VOLUME = {28},
      YEAR = {1981},
    NUMBER = {3},
     PAGES = {415--437 (1982)},
      ISSN = {0040-8980},
   MRCLASS = {10D20 (10D24)},
  MRNUMBER = {656029},
MRREVIEWER = {R. A. Rankin},
}

@article{sierpinski1906pewnem,
  title={O pewnem zagadnieniu z rachunku funkcyj asymptotycznych},
  author={Sierpi{\'n}ski, W},
  journal={Prace matematyczno-fizyczne},
  volume={1},
  number={17},
  pages={77--118},
  year={1906}
}

@article {cramer1922,
    AUTHOR = {Cram\'er, Harald},
     TITLE = {\"Uber zwei {S}\"atze des {H}errn {G}. {H}. {H}ardy},
   JOURNAL = {Math. Z.},
  FJOURNAL = {Mathematische Zeitschrift},
    VOLUME = {15},
      YEAR = {1922},
    NUMBER = {1},
     PAGES = {201--210},
      ISSN = {0025-5874},
   MRCLASS = {DML},
  MRNUMBER = {1544568},
       DOI = {10.1007/BF01494394},
       URL = {http://dx.doi.org/10.1007/BF01494394},
}

@article {Hardy1917,
    AUTHOR = {Hardy, G. H.},
     TITLE = {The {A}verage {O}rder of the {A}rithmetical {F}unctions {P}(x)
              and {delta}(x)},
   JOURNAL = {Proc. London Math. Soc.},
  FJOURNAL = {Proceedings of the London Mathematical Society},
      YEAR = {1917}
    VOLUME = {S2-15},
    NUMBER = {1},
     PAGES = {192},
      ISSN = {0024-6115},
   MRCLASS = {DML},
  MRNUMBER = {1576556},
       DOI = {10.1112/plms/s2-15.1.192},
       URL = {http://dx.doi.org/10.1112/plms/s2-15.1.192},
}

@book {Hardy1959onRamanujan,
    AUTHOR = {Hardy, G. H.},
     TITLE = {Ramanujan: twelve lectures on subjects suggested by his life
              and work },
 PUBLISHER = {Chelsea Publishing Company, New York},
      YEAR = {1959},
     PAGES = {iii+236 pp. (1 plate)},
   MRCLASS = {01.00},
  MRNUMBER = {0106147},
}

@article{ivic2004lattice,
  title={Lattice points in large regions and related arithmetic functions: Recent developments in a very classic topic},
  author={Ivic, A and Kr{\"a}tzel, E and K{\"u}hleitner, M and Nowak, WG},
  journal={arXiv preprint math/0410522},
  year={2004}
}

@article {ivic1996,
    AUTHOR = {Ivi\'c, A.},
     TITLE = {The {L}aplace transform of the square in the circle and
              divisor problems},
   JOURNAL = {Studia Sci. Math. Hungar.},
  FJOURNAL = {Studia Scientiarum Mathematicarum Hungarica. A Quarterly of
              the Hungarian Academy of Sciences},
    VOLUME = {32},
      YEAR = {1996},
    NUMBER = {1-2},
     PAGES = {181--205},
      ISSN = {0081-6906},
   MRCLASS = {11N37},
  MRNUMBER = {1405136},
MRREVIEWER = {Gennady Bachman},
}

@article {ohshah2014,
    AUTHOR = {Oh, Hee and Shah, Nimish A.},
     TITLE = {Limits of translates of divergent geodesics and integral
              points on one-sheeted hyperboloids},
   JOURNAL = {Israel J. Math.},
  FJOURNAL = {Israel Journal of Mathematics},
    VOLUME = {199},
      YEAR = {2014},
    NUMBER = {2},
     PAGES = {915--931},
      ISSN = {0021-2172},
   MRCLASS = {22E40 (11P21 53C22 53D25)},
  MRNUMBER = {3219562},
MRREVIEWER = {S. G. Dani},
       DOI = {10.1007/s11856-013-0063-2},
       URL = {http://dx.doi.org/10.1007/s11856-013-0063-2},
}

@book {Davenport1980,
    AUTHOR = {Davenport, Harold},
     TITLE = {Multiplicative number theory},
    SERIES = {Graduate Texts in Mathematics},
    VOLUME = {74},
   EDITION = {Second},
      NOTE = {Revised by Hugh L. Montgomery},
 PUBLISHER = {Springer-Verlag, New York-Berlin},
      YEAR = {1980},
     PAGES = {xiii+177},
      ISBN = {0-387-90533-2},
   MRCLASS = {10-01 (10-02 10Hxx)},
  MRNUMBER = {606931},
MRREVIEWER = {H.-E. Richert},
}

@misc{mixedmathGauss,
  title = {Calculations with a {G}auss-type sum},
  AUTHOR = {Lowry-Duda, David}},
  howpublished = {\url{http://davidlowryduda.com/calculations-with-a-gauss-type-sum/}},
  note = {Accessed: 2017-01-01},
  YEAR = {2013}
}

@article {Hooley63,
    AUTHOR = {Hooley, Christopher},
     TITLE = {On the number of divisors of a quadratic polynomial},
   JOURNAL = {Acta Math.},
  FJOURNAL = {Acta Mathematica},
    VOLUME = {110},
      YEAR = {1963},
     PAGES = {97--114},
      ISSN = {0001-5962},
   MRCLASS = {10.45 (10.43)},
  MRNUMBER = {0153648},
MRREVIEWER = {P. Erd\~A\P s},
       DOI = {10.1007/BF02391856},
       URL = {http://dx.doi.org/10.1007/BF02391856},
}

@misc{thisthesis,
  Author = {David Lowry-Duda},
  Title = {On Some Variants of the Gauss Circle Problem},
  Year = {2017},
  Eprint = {arXiv:1704.02376},
}

@misc{HulseGaussSphere,
  Author = {Thomas A. Hulse and Chan Ieong Kuan and David Lowry-Duda and Alexander Walker},
  Title = {Second Moments in the Generalized Gauss Circle Problem},
  Year = {2017},
  Eprint = {arXiv:1703.10347},
}


@article{Jarnik40,
    AUTHOR = {Jarn\'{\i}k, Vojt\v{e}ch},
     TITLE = {\"{U}ber die {M}ittelwerts\"atze der {G}itterpunktlehre. {V}},
   JOURNAL = {\v Casopis P\v est. Mat. Fys.},
  FJOURNAL = {\v Ceskoslovensk\'a Akademie V\v ed. \v Casopis Pro P\v estov\'an\'\i \
              Matematiky},
    VOLUME = {69},
      YEAR = {1940},
     PAGES = {148--174},
      ISSN = {0528-2195},
   MRCLASS = {10.0X},
  MRNUMBER = {0006215},
MRREVIEWER = {P. Erd\~A\P s},
}

@article{goldfeld1994appendix,
  title={Appendix: An effective zero-free region},
  author={Goldfeld, Dorian and Hoffstein, Jeffrey and Lieman, Daniel},
  journal={Annals of Mathematics},
  pages={177--181},
  year={1994},
  publisher={JSTOR}
}



% vim: cc= nowrap
